<?xml version="1.0" encoding="utf-8"?>
<record xmlns="http://www.loc.gov/MARC21/slim" xmlns:xsi="http://www.w3.org/2001/XMLSchema-instance" xsi:schemaLocation="http://www.loc.gov/MARC21/slim http://www.loc.gov/standards/marcxml/schema/MARC21slim.xsd">
	<leader>
		02299nam a2200445   4500
	</leader>
	<controlfield tag="001">
		001628365
	</controlfield>
	<controlfield tag="003">
		NNU
	</controlfield>
	<controlfield tag="006">
		m        d        
	</controlfield>
	<controlfield tag="007">
		cr cn |||m|||a
	</controlfield>
	<controlfield tag="008">
		160223s1940    ir      o     000 0 ara d
	</controlfield>
	<datafield ind1=" " ind2=" " tag="040">
		<subfield code="a">
			NNU
		</subfield>
		<subfield code="b">
			eng
		</subfield>
		<subfield code="e">
			rda
		</subfield>
		<subfield code="c">
			NNU
		</subfield>
	</datafield>
	<datafield ind1=" " ind2="4" tag="050">
		<subfield code="a">
			BP156
		</subfield>
		<subfield code="b">
			.T79 1940
		</subfield>
	</datafield>
	<datafield ind1="1" ind2=" " tag="100">
		<subfield code="6">
			880-01
		</subfield>
		<subfield code="a">
			Tunukābunī, Muḥammad.
		</subfield>
	</datafield>
	<datafield ind1="1" ind2="0" tag="240">
		<subfield code="6">
			880-02
		</subfield>
		<subfield code="a">
			Īḍāḥ al-Farāʼid fī ʻilm al-uṣūl
		</subfield>
	</datafield>
	<datafield ind1="1" ind2="0" tag="245">
		<subfield code="6">
			880-03
		</subfield>
		<subfield code="a">
			Hādhā huwa al-kitāb al-mustaṭāb al-musammá bi-Īḍāḥ al-Farāʼid fī ʻilm al-uṣūl /
		</subfield>
		<subfield code="c">
			Muḥammad al-Tunukābunī.
		</subfield>
	</datafield>
	<datafield ind1="1" ind2="0" tag="246">
		<subfield code="6">
			880-04
		</subfield>
		<subfield code="a">
			Īḍāḥ al-Farāʼid fī ʻilm al-uṣūl
		</subfield>
	</datafield>
	<datafield ind1=" " ind2=" " tag="260">
		<subfield code="6">
			880-05
		</subfield>
		<subfield code="a">
			[Tehran] :
		</subfield>
		<subfield code="b">
			Maṭbaʻat al-Islāmīyah,
		</subfield>
		<subfield code="c">
			1358 [1940]
		</subfield>
	</datafield>
	<datafield ind1=" " ind2=" " tag="300">
		<subfield code="a">
			online resource (2 volumes)
		</subfield>
	</datafield>
	<datafield ind1=" " ind2=" " tag="336">
		<subfield code="a">
			text
		</subfield>
		<subfield code="2">
			rdacontent
		</subfield>
	</datafield>
	<datafield ind1=" " ind2=" " tag="337">
		<subfield code="a">
			computer
		</subfield>
		<subfield code="2">
			rdamedia
		</subfield>
	</datafield>
	<datafield ind1=" " ind2=" " tag="338">
		<subfield code="a">
			online resource
		</subfield>
		<subfield code="2">
			rdacarrier
		</subfield>
	</datafield>
	<datafield ind1=" " ind2=" " tag="500">
		<subfield code="a">
			Part of the Arabic Collections Online (ACO) project, contributed by New York Univeristy Libraries.
		</subfield>
	</datafield>
	<datafield ind1=" " ind2=" " tag="533">
		<subfield code="a">
			Electronic reproduction.
		</subfield>
		<subfield code="b">
			New York, N.Y. :
		</subfield>
		<subfield code="c">
			New York University,
		</subfield>
		<subfield code="d">
			2016.
		</subfield>
		<subfield code="5">
			NNU
		</subfield>
	</datafield>
	<datafield ind1=" " ind2="0" tag="650">
		<subfield code="a">
			Islamic law.
		</subfield>
	</datafield>
	<datafield ind1=" " ind2="0" tag="650">
		<subfield code="a">
			Shiites.
		</subfield>
	</datafield>
	<datafield ind1="1" ind2="0" tag="600">
		<subfield code="a">
			Anṣārī, Murtaḍá ibn Muḥammad Amīn,
		</subfield>
		<subfield code="d">
			1799 or 1800-1864.
		</subfield>
		<subfield code="t">
			Rasāʼil.
		</subfield>
	</datafield>
	<datafield ind1="0" ind2="7" tag="630">
		<subfield code="a">
			Rasāʼil (Anṣārī, Murtaḍá ibn Muḥammad Amīn)
		</subfield>
		<subfield code="2">
			fast
		</subfield>
		<subfield code="0">
			(OCoLC)fst01378869
		</subfield>
	</datafield>
	<datafield ind1=" " ind2="7" tag="650">
		<subfield code="a">
			Islamic law.
		</subfield>
		<subfield code="2">
			fast
		</subfield>
		<subfield code="0">
			(OCoLC)fst00979949
		</subfield>
	</datafield>
	<datafield ind1=" " ind2="7" tag="650">
		<subfield code="a">
			Shiites.
		</subfield>
		<subfield code="2">
			fast
		</subfield>
		<subfield code="0">
			(OCoLC)fst01115976
		</subfield>
	</datafield>
	<datafield ind1="2" ind2=" " tag="710">
		<subfield code="a">
			New York University.
		</subfield>
		<subfield code="b">
			Libraries.
		</subfield>
	</datafield>
	<datafield ind1="0" ind2=" " tag="730">
		<subfield code="a">
			Arabic Collections Online.
		</subfield>
	</datafield>
	<datafield ind1="0" ind2="8" tag="776">
		<subfield code="i">
			Print version:
		</subfield>
		<subfield code="a">
			Tunukābunī, Muḥammad.
		</subfield>
		<subfield code="t">
			Hādhā huwa al-kitāb al-mustaṭāb al-musammá bi-Īḍāḥ al-Farāʼid fī ʻilm al-uṣūl
		</subfield>
		<subfield code="w">
			(NNU)001628365
		</subfield>
	</datafield>
	<datafield ind1="4" ind2="0" tag="856">
		<subfield code="u">
			http://hdl.handle.net/2333.1/zkh18d9v
		</subfield>
	</datafield>
	<datafield ind1="1" ind2=" " tag="880">
		<subfield code="6">
			100-01/
		</subfield>
		<subfield code="a">
			تنكابنى، محمد.
		</subfield>
	</datafield>
	<datafield ind1="1" ind2="0" tag="880">
		<subfield code="6">
			240-02/
		</subfield>
		<subfield code="a">
			ايضاح الفرائد في علم الاصول
		</subfield>
	</datafield>
	<datafield ind1="1" ind2="0" tag="880">
		<subfield code="6">
			245-03/
		</subfield>
		<subfield code="a">
			هذا هو الكتاب المستطات المسمى بايضاح الفرائد في علم الاصول /
		</subfield>
		<subfield code="c">
			محمد التنكابنى.
		</subfield>
	</datafield>
	<datafield ind1="1" ind2="0" tag="880">
		<subfield code="6">
			246-04/
		</subfield>
		<subfield code="a">
			ايضاح الفرائد في علم الصول
		</subfield>
	</datafield>
	<datafield ind1=" " ind2=" " tag="880">
		<subfield code="6">
			260-05/
		</subfield>
		<subfield code="a">
			[Tehran] :
		</subfield>
		<subfield code="b">
			مطبعة الاسلامية،
		</subfield>
		<subfield code="c">
			1358 [1940]
		</subfield>
	</datafield>
	<datafield ind1=" " ind2=" " tag="959">
		<subfield code="a">
			NNU
		</subfield>
		<subfield code="b">
			WEB
		</subfield>
		<subfield code="c">
			GENI
		</subfield>
		<subfield code="t">
			0
		</subfield>
		<subfield code="m">
			Electronic access
		</subfield>
		<subfield code="s">
			01
		</subfield>
	</datafield>
	<datafield ind1=" " ind2=" " tag="999">
		<subfield code="i">
			NNU_001628365
		</subfield>
		<subfield code="s">
			nyu_aco001649:v.1
		</subfield>
	</datafield>
</record>
